@article{RR,
  author = "Roberts, Gareth O. and Rosenthal, Jeffrey S.",
  doi = "10.1214/105051606000000510",
  fjournal = "The Annals of Applied Probability",
  journal = "Ann. Appl. Probab.",
  month = "11",
  number = "4",
  pages = "2123--2139",
  publisher = "The Institute of Mathematical Statistics",
  title = "Harris recurrence of {Metropolis-within-Gibbs} and 
           trans-dimensional {Markov chains}",
  url = "http://dx.doi.org/10.1214/105051606000000510",
  volume = "16",
  year = "2006"
}


@Book{DG,
  author = 	 {Devroye, Luc and Gy\"orfy, L\'aszl\'o},
  title = 	 {Nonparametric Density Estimation: The $L_1$ view}, 
  publisher = 	 {John Wiley \& Sons},
  year = 	 {1985},
  OPTvolume = 	 {},
  OPTnumber = 	 {},
  series = 	 {Wiley Series in Probability and Mathematical Statistics},
  OPTaddress = 	 {},
  OPTedition = 	 {},
  OPTmonth = 	 {},
  OPTnote = 	 {},
  OPTannote = 	 {}
}

@Manual{R,
  title = {R: A Language and Environment for Statistical Computing},
  author = {R Core Team},
  organization = {R Foundation for Statistical Computing},
  address = {Vienna, Austria},
  year = {2015},
  url = {https://www.R-project.org/}
}

@Manual{RGSL,
  title = {RcppGSL: `Rcpp' Integration for `GNU GSL' Vectors and Matrices},
  author = {Dirk Eddelbuettel and Romain Francois},
  year = 2015,
  note = {R package version 0.3.0, \url{https://CRAN.R-project.org/package=RcppGSL}},
  url = {https://CRAN.R-project.org/package=RcppGSL},
}
			

@Article{Rcpp,
    title = {{Rcpp}: Seamless {R} and {C++} Integration},
    author = {Dirk Eddelbuettel and Romain Fran\c{c}ois},
    journal = {J. Stat. Softw.},
    year = {2011},
    volume = {40},
    number = {8},
    pages = {1--18},
    url = {http://www.jstatsoft.org/v40/i08/},
}


@Manual{J,
   title = {The {NLopt} nonlinear-optimization package}, 
   author = {Steven G. Johnson},
   note = {R package version 1.0.4,
           \url{https://CRAN.R-project.org/package=nloptr}},
   url = {http://ab-initio.mit.edu/nlopt}
}

@Manual{Boo,
  title = {tensorA: Advanced tensors arithmetic with named indices},
  author = {K. Gerald van den Boogaart},
  year = 2010,
  note = {R package version 0.36,
          \url{https://CRAN.R-project.org/package=tensorA}},
  url = {https://CRAN.R-project.org/package=tensorA},
}

@Article{GS,
  title = {A flexible R package for nonnegative matrix factorization},
  author = {Renaud Gaujoux, and Cathal Seoighe},
  year = {2010},
  journal = {BMC Bioinformatics},
  number = {11},
  pages = {367},
  url = {http://www.biomedcentral.com/1471-2105/11/367}
}


% DANGER: requires hyperref package
@Misc{M,
  author = {Thomas P. Minka},
  title = {Estimating a Gamma distribution},
  note = {Available at \url{http://research.microsoft.com/en-us/um/people/minka/papers/minka-gamma.pdf}},
  year = {2002}
}

@Article{CW,
  author = {Choi, S.C. and Wette, R.},
  title ={Maximum Likelihood Estimation of the Parameters of the
         Gamma Distribution and Their Bias},
  journal = {Technometrics},
  pages = {683â€“690},
  volume = {11},
  number = {4},
  year = {1969}
}

@Article{C01,
    author = {Casella, G.},
    OPTdoi = {10.1093/biostatistics/2.4.485},
    journal = {Biostatistics},
    OPTkeywords = {empirical-bayes, mcmc},
    OPTmonth = dec,
    number = {4},
    pages = {485--500},
    title = {{Empirical Bayes Gibbs sampling}},
    OPTurl = {http://dx.doi.org/10.1093/biostatistics/2.4.485},
    volume = {2},
    year = {2001}
}

% EMu software:
@Article{FICMV,
    author = {Fischer, A. and Illingworth, C. J. R. 
              and Campbell, P. J. and Mustonen, V.},
    title = {{EMu}: probabilistic inference of mutational processes and 
              their localization in the cancer genome},
    journal = {Genome Biol.},
    number = {4},
    volume = {14},
    pages = {R39+},
    OPTmonth = apr,
    OPTday = {29},
    OPTdoi = {10.1186/gb-2013-14-4-r39},
    OPTurl = {http://dx.doi.org/10.1186/gb-2013-14-4-r39},
    year = {2013}
}